3340 5224
797 277 1010 353 ...38-

358 457 489 536 ciuem
512 462 749 540 ,Petuciacus
772 465 806 538 1.
1021 459 1153 538 uoueri
1182 463 1437 540 Trecercner'e.

283 583 347 646 666
368 604 430 646 uua
452 587 588 650 iuuenca
930 607 992 649 unu
1013 589 1149 651 iuuenca

284 683 346 744 675
369 667 440 746 cum
462 686 594 766 primum
930 696 994 749 tum
1016 689 1149 770 primum

283 775 346 844 677
367 793 498 864 quartus
520 787 576 848 tibi
930 797 1060 869 quartus
1082 791 1133 852 uhi

284 880 349 944 681,
367 883 462 946 uictis
930 889 1046 951 uinctis

284 980 347 1044 686
368 982 460 1046 obuia
930 988 1041 1070 obuia,
1084 991 1143 1050 sed
1172 991 1212 1051 ab
1240 993 1348 1052 eadem
1372 1011 1414 1057 ¹m.
1445 1012 1526 1055 corr.

1012 1088 1141 1153 humidu

182 1185 190 1194 “
284 1179 347 1242 688
369 1179 490 1266 demps.
511 1195 545 1248 et
566 1187 687 1250 meritis
708 1197 763 1234 -'
930 1188 1052 1270 demps.
1076 1190 1217 1254 emeritis
1240 1227 1278 1239 —

367 1283 484 1365 pybus,
507 1291 585 1348 teste
607 1286 710 1352 Gron.
930 1288 1053 1368 phebus

284 1381 347 1444 695
367 1383 429 1445 hoc
449 1383 543 1445 modo
928 1388 990 1449 hec
1012 1387 1105 1450 modo

284 1482 347 1544 697
368 1492 402 1545 ut
423 1482 540 1548 uirides
563 1521 599 1534 -
930 1497 985 1550 eut
1006 1486 1124 1550 uirides
1145 1523 1186 1536 ·-

369 1583 500 1667 colligat
930 1589 1050 1672 colligit

284 1681 348 1744 699
370 1682 453 1745 tedis
930 1691 1003 1752 telis

283 1780 347 1844 793
369 1783 503 1864 uulpem,
526 1783 589 1849 719
604 1788 731 1869 uulpem
930 1791 1058 1870 uuipem

186 1913 189 1920 ,
284 1881 342 1944 711
367 1901 450 1964 gens
471 1884 555 1945 haec
930 1908 1013 1971 gens
1035 1888 1108 1968 hec,
1132 1909 1212 1952 corr.
1234 1907 1338 1970 genus
1360 1890 1423 1953 huc

283 1981 347 2044 715
369 1983 421 2064 qui
441 1982 556 2066 prodiit
930 1989 983 2070 qui
1003 1985 1147 2069 prodidit.
1177 2007 1258 2056 corr.
1284 1995 1444 2068 corripere
1463 2011 1527 2054 uu·
1603 2009 1613 2022 “

1014 2089 1076 2149 luit
1095 2089 1231 2170 perdidit
1356 2129 1359 2136 ,

284 2181 345 2245 721
368 2183 480 2264 parilia
930 2187 1034 2268 petilia

285 2281 345 2344 731
369 2284 503 2363 populos
892 2287 894 2296 ’
929 2286 1065 2367 populus

285 2380 348 2443 735
368 2383 469 2444 lustra
931 2387 1042 2469 lustra,
1065 2408 1085 2448 a
1103 2407 1164 2450 rec.
1181 2408 1220 2454 m.
1236 2407 1396 2467 eupcrscr.
1412 2393 1528 2456 lustrat

285 2481 348 2544 737
370 2481 558 2545 decorantur
932 2483 1121 2548 decorentur

284 2579 348 2644 713
368 2590 520 2663 sequetur
931 2595 1083 2667 sequetur

285 2678 349 2741 745
369 2681 400 2742 iu
420 2691 583 2763 utramque
931 2685 1139 2768 multumque

931 2791 1087 2848 recentior
1125 2796 1156 2849 et
1188 2793 1318 2852 sordida
1348 2807 1464 2852 marrus
1495 2789 1528 2850 in

1014 2896 1182 2970 utrumque
1200 2927 1239 2936 -

369 2981 506 3044 resectis
931 2990 1080 3071 resectis,
1104 3007 1125 3046 u
1146 2988 1177 3053 1.
1197 3009 1235 3056 m.
1257 2991 1390 3053 refectis

286 3082 349 3144 716
369 3082 473 3164 palem
932 3091 1035 3172 palem

285 3183 348 3246 748
370 3181 466 3263 effug.
490 3181 605 3244 tabuiis
932 3189 1029 3270 effug.
1050 3187 1182 3251 stabulis

285 3282 349 3346 752
369 3281 612 3364 semicaperque
931 3292 1174 3371 semicaperque

285 3384 349 3446 758
369 3382 491 3465 uirguiu
758 3452 760 3456 ,
931 3390 1049 3474 ungula

285 3484 345 3546 761
369 3483 431 3548 uid.
453 3483 515 3544 libe
930 3491 993 3555 uid.
1015 3489 1103 3553 labra

191 3637 193 3640 .
285 3584 348 3647 765
369 3585 485 3646 multos
932 3593 1047 3654 multos

286 3685 349 3748 773
369 3683 534 3767 proueniet
918 3679 1097 3774 ¹perueniat

285 3785 348 3848 779
370 3785 442 3849 dum
639 3778 643 3788 ’
750 3835 753 3842 -
933 3802 1006 3858 tum.
1027 3811 1048 3852 c
1069 3810 1149 3854 corr.
1171 3790 1202 3856 1.
1221 3811 1260 3856 m.
1282 3811 1352 3854 sum

285 3885 348 3947 786
369 3885 438 3946 ouis
704 3877 707 3882 “
932 3911 1013 3954 oues

285 3984 348 4046 788
369 3983 453 4046 unda
476 3984 556 4046 deae
933 3992 1015 4053 undu
1038 3990 1088 4052 dei

285 4084 349 4145 789
369 4093 480 4165 patres
501 4092 665 4166 urtumque
932 4099 1040 4171 patres
1063 4097 1233 4170 aptumque

285 4183 348 4245 799
369 4193 460 4264 putat
932 4199 1009 4272 puta

285 4283 344 4346 891
369 4283 453 4344 huuc
475 4293 593 4367 tamen,
616 4293 695 4346 teste
714 4286 826 4351 Heium
933 4292 994 4354 hoc
1015 4299 1121 4353 tamen

370 4403 454 4446 nunc
477 4394 595 4468 tamen,
618 4393 696 4448 teste
718 4386 819 4452 oron.

285 4483 349 4546 803
370 4503 439 4566 ugr.
460 4485 556 4568 ignes
934 4510 1003 4573 agr.
1024 4491 1117 4572 ignes

285 4585 348 4648 819
369 4585 485 4668 uolgus
