3340 5224
684 229 941 336 ..3..⁴

149 423 221 492 nibil
244 424 378 504 reperire
402 421 491 504 potui,
513 421 570 485 nisi
595 418 674 503 quod
696 419 753 484 line
775 420 940 501 superioris
962 421 1078 486 saeculi
1100 421 1153 486 init
1177 419 1403 506 „Christophori

150 528 268 594 comitis
300 526 338 590 de
361 521 579 603 llesselstadt‘¹‚
603 525 742 606 Treveri,
772 524 856 587 cuins
887 524 1009 606 iratres,
1039 524 1222 588 cathedralis
1253 527 1402 590 eeclesiae
1455 526 1460 542 '

150 631 344 696 Treveronsis
377 626 526 709 quondam
557 627 708 707 canonici,
743 626 908 690 hereditate
938 635 1093 709 acceptum
1124 644 1189 691 cum
1220 627 1286 691 aliis
1317 628 1402 692 libris

152 735 335 816 perantiquis
359 731 492 795 eiusdem
516 727 664 793 ecclcsiae
686 727 884 792 bibliothecae
909 727 1061 810 donarunt,
1092 731 1121 791 in
1151 746 1212 810 qua
1241 745 1320 792 nunc
1345 727 1402 792 sub

154 853 274 902 numero
307 833 369 898 118
398 839 580 896 asservatur.
629 830 681 894 Est
712 831 965 914 membranaceus,
996 833 1163 896 chart-arum
1195 833 1292 896 torma
1324 849 1403 914 qnae

153 948 275 1004 vocatur
297 941 414 1016 octona,
438 935 508 997 lolia
530 931 619 996 habet
635 932 736 998 LXlll.
760 935 895 1016 singulae
911 936 1039 1016 paginae
1056 933 1219 1016 pleraeque
1235 934 1401 1000 versiculos

152 1049 251 1106 tenent
274 1039 332 1123 XL,
355 1055 470 1121 paneae
493 1035 628 1119 xxxin,
651 1036 783 1122 XXXlV‚
806 1037 947 1119 xxxvi
961 1035 1117 1119 XXXVlll‚
1140 1036 1275 1120 XXXlX,
1297 1037 1400 1101 Xllll.

152 1142 272 1207 saecuti
296 1141 410 1206 ridetur
434 1139 579 1205 undecimi
603 1140 650 1203 rol
674 1139 850 1205 duodecimi.
895 1139 1105 1222 Compluribus
1128 1147 1158 1203 ει
1181 1147 1320 1221 quantum
1344 1157 1402 1223 ego

151 1247 285 1311 indicare
308 1262 431 1328 possum
455 1246 585 1327 quinque
608 1251 659 1307 aut
680 1261 736 1308 serr
759 1244 885 1309 dirersis
905 1245 1033 1325 scriptus
1048 1250 1094 1306 εει
1109 1243 1254 1326 manibus,
1277 1261 1401 1325 quarum

152 1353 258 1434 prima,
289 1365 366 1432 quae
389 1351 516 1430 pertinet
538 1363 633 1429 usqne
656 1346 694 1410 ad
717 1347 738 1430 l,
761 1347 843 1430 281„
873 1348 1020 1429 pinguiori
1050 1362 1087 1409 ac
1116 1347 1241 1428 pleniori
1272 1364 1327 1411 usa
1358 1354 1403 1411 εει

151 1454 246 1536 litere,
271 1460 373 1517 contra
395 1459 501 1534 arguta
524 1468 560 1514 uc
586 1450 729 1530 gracilior
758 1457 804 1513 εει
835 1467 939 1514 manus
969 1451 1073 1514 altera.
1104 1451 1191 1512 tertia
1219 1451 1315 1514 minus
1346 1467 1402 1514 usu

152 1557 243 1640 polita
275 1565 304 1620 ει
335 1556 458 1636 elegans
486 1560 532 1617 εει
554 1558 583 1615 ει
605 1570 783 1634 perparvam
808 1561 917 1617 tantum
940 1560 1062 1635 partem,
1094 1551 1297 1634 illinemus,
1327 1553 1402 1635 all,

122 1640 126 1650 ⁸
151 1663 225 1726 62⁷.
247 1674 344 1740 usque
367 1657 405 1721 ad
421 1656 454 1737 ll,
480 1657 552 1720 731.
568 1659 710 1724 exaravit.
748 1658 889 1739 Sequitur
911 1654 1005 1736 litero,
1028 1657 1084 1719 nisi
1108 1652 1221 1734 eedem,
1244 1652 1283 1716 ab
1306 1655 1401 1718 altera

151 1778 240 1826 manu
263 1777 323 1824 non
348 1760 471 1823 multum
496 1759 626 1823 diversa.
672 1758 782 1834 Quarta
812 1777 919 1824 manns
948 1761 977 1822 in
1000 1758 1150 1822 literarum
1173 1758 1268 1822 torma
1290 1757 1402 1839 aliquid

151 1867 305 1947 proprium
336 1862 441 1945 habet,
470 1861 526 1925 sed
557 1869 655 1925 tamen
685 1865 807 1945 antiqua
836 1872 881 1926 εει
911 1871 941 1926 ει
970 1861 1153 1925 emendatior
1175 1867 1222 1926 cst
1247 1865 1402 1944 scriptura.

153 1971 278 2050 pertinet
300 1984 319 2030 a
341 1965 390 2047 lll,
412 1965 468 2030 43.Δ
487 1981 583 2046 usquo
606 1963 644 2028 ud
661 1965 708 2047 lv,
731 1965 780 2029 29.
797 1967 900 2046 quinta
921 1964 1023 2047 paullo
1046 1963 1208 2028 minoribus
1230 1981 1286 2027 usa
1306 1965 1402 2030 literis

153 2071 206 2136 sod
228 2071 319 2136 nitida
342 2076 371 2132 ει
392 2068 518 2150 elegans
541 2074 596 2152 εει,
618 2086 636 2132 a
660 2085 719 2150 qua
742 2077 802 2132 tres
826 2071 969 2150 postremi
992 2068 1068 2151 libri,
1091 2067 1155 2131 aL.
1175 2069 1221 2149 tv,
1237 2067 1288 2130 29.
1304 2083 1401 2150 usqne

152 2174 191 2238 ad
214 2175 353 2238 carminis
374 2172 462 2237 inem
484 2171 588 2253 scripti
611 2178 688 2236 sunt.
718 2172 885 2236 ,Maximum
909 2172 1013 2236 burum
1035 2187 1182 2253 manuum,
1204 2187 1283 2251 quac
1298 2186 1402 2236 omncs

151 2277 291 2358 antiquae
321 2283 397 2359 sunt,
428 2277 557 2340 cernitur
580 2273 736 2338 discrimen
759 2277 789 2338 in
811 2293 827 2340 s
849 2277 943 2358 litora,
967 2276 1162 2356 quaemus,
1194 2291 1271 2356 quac
1301 2293 1318 2336 a
1341 2291 1402 2356 pc·

149 2389 261 2446 strcma
276 2383 389 2462 scripta
404 2385 472 2444 sunt
487 2394 584 2459 manu,
607 2387 777 2442 constanter
793 2380 883 2461 longa
899 2387 952 2459 est,
975 2377 1044 2440 item
1060 2377 1088 2440 in
1106 2384 1220 2459 quarta,
1242 2379 1298 2440 nisi
1314 2376 1403 2460 quod,

148 2481 249 2549 sicubi
271 2485 302 2546 in
323 2481 381 2545 line
403 2481 488 2546 verbi
511 2489 561 2545 aut
583 2480 723 2545 versiculi
745 2488 791 2544 est
805 2482 1016 2565 superscripta,
1039 2479 1164 2544 rotunda
1179 2487 1240 2561 ost;
1262 2481 1293 2542 in
1307 2480 1402 2544 altera

149 2602 240 2650 mann
256 2585 350 2648 fermo
365 2585 536 2667 promiscue
552 2584 642 2665 longa
659 2591 688 2648 ει
703 2583 912 2666 semirotundo,
931 2583 1093 2647 consimilis
1108 2583 1212 2646 literae
1226 2602 1244 2654 ς
1260 2582 1402 2665 Graecae,

151 2687 209 2749 nisi
241 2685 321 2766 qnod
350 2686 450 2766 paullo
480 2687 646 2770 longiorem
678 2688 755 2751 inim
785 2687 881 2751 ubivis
905 2694 934 2749 ct
955 2702 1111 2751 recurram
1134 2684 1280 2766 virgulam
1304 2684 1401 2768 babet,

153 2792 183 2852 in
206 2788 329 2868 reliquis
349 2791 518 2867 promiscue
539 2791 668 2854 rotunda
691 2798 721 2853 et
737 2791 931 2871 longiuscula.
968 2789 1124 2868 Proprium
1147 2789 1293 2869 scriptura
1313 2788 1401 2852 buius

153 2881 268 2954 codicis
291 2897 320 2952 ει
341 2889 414 2954 illud
436 2889 532 2976 babet,
561 2894 724 2976 praecipue
755 2895 785 2956 in
815 2892 891 2956 libro
923 2892 1018 2957 altero
1049 2896 1078 2952 ει
1101 2891 1194 2970 tertio,
1224 2898 1255 2954 ut
1284 2892 1313 2954 in
1344 2891 1401 2954 line

151 2990 322 3056 breviorum
346 3007 483 3058 versuum
502 3011 595 3077 saepe
611 2997 650 3060 ad
666 2995 881 3061 extendendam
898 3001 927 3058 ει
941 2992 1165 3076 producendam
1181 3009 1283 3056 eorum
1298 2994 1400 3076 longi-

152 3093 282 3160 tudinem
306 3111 365 3159 una
387 3096 432 3161 vel
453 3097 530 3162 duae
545 3100 728 3190 maiusculae
743 3103 808 3165 sire
823 3097 967 3180 capitales
983 3096 1087 3159 literae
1102 3093 1150 3159 rel
1165 3095 1275 3159 lineola
1290 3101 1400 3188 angui-

151 3198 255 3261 icrmis
277 3215 344 3267 cum
366 3202 531 3268 maiuscula
554 3203 641 3267 litera
663 3207 761 3285 posita
784 3207 829 3287 sit,
851 3205 945 3266 ferme
968 3198 1029 3264 sic':
1056 3201 1155 3262 amori
1180 3233 1218 3244 -
1242 3199 1275 3275 S,
1298 3218 1337 3264 eu
1359 3235 1400 3247 -·
1523 3215 1527 3228 ·

153 3298 185 3376 Y,
209 3299 290 3376 silo,
322 3302 402 3382 quod
432 3320 470 3370 err
500 3305 558 3369 hoc
587 3305 691 3370 codice
717 3304 845 3370 imitatus
868 3311 915 3368 cst
935 3304 1126 3370 Monacensis
1150 3301 1185 3364 ll.
1218 3311 1247 3367 ει
1275 3305 1304 3368 in
1333 3303 1400 3368 aliis

153 3421 272 3486 quoque
301 3404 381 3470 illins
411 3406 517 3468 aetatis
547 3423 635 3473 mann
664 3410 784 3490 scriptis
813 3407 1015 3471 bibliothocae
1044 3405 1183 3487 publicae
1213 3406 1399 3470 Trevirensis

151 3510 305 3590 reperitur.
345 3505 527 3591 Compendia
549 3514 714 3594 scripturae
737 3520 768 3576 ει
790 3511 867 3592 sigla
890 3512 1035 3591 permulta
1058 3518 1089 3572 ει
1111 3509 1239 3572 omnium
1261 3524 1400 3573 manuum

150 3614 258 3693 insunt,
280 3627 377 3691 neque
400 3626 418 3673 a
441 3615 588 3676 communi
604 3614 819 3678 consuetudine
835 3614 962 3696 diversa,
985 3612 1039 3678 sod
1055 3611 1156 3695 qualia
1172 3613 1201 3673 in
1218 3609 1303 3675 MSS.
1320 3612 1399 3677 illius

150 3716 218 3776 aevi
240 3729 298 3778 non
320 3727 390 3778 raro
409 3715 602 3778 inveniuntur.
640 3713 752 3803 Codex,
775 3719 825 3798 qui
843 3716 983 3780 nobilium
1001 3715 1184 3779 dominorum
1199 3713 1400 3778 bibliothecas

150 3803 270 3895 semper
292 3830 418 3880 ornasse
440 3817 564 3900 videtur,
591 3818 781 3900 paucissimis
804 3819 933 3901 plagulis
956 3821 1091 3900 exceptis
1114 3833 1210 3899 nequo
1232 3834 1288 3880 usu
1310 3816 1399 3881 valde

150 3920 234 3982 tritus
267 3933 364 3998 neque
393 3920 452 3982 situ
482 3935 681 4003 manuumque
712 3927 790 3986 tactu
818 3921 971 4004 sordidus,
1000 3923 1105 4004 paucis
1136 3936 1257 4003 quoqne
1287 3919 1400 4002 glossis

26 4074 29 4080 .
150 4038 187 4085 nc
209 4020 331 4084 scholiis
354 4023 515 4087 instructus
537 4029 590 4086 εει.
634 4023 681 4086 Dc
711 4024 921 4106 orthographia
944 4024 1014 4089 nibil
1037 4023 1127 4104 addo,
1157 4026 1226 4106 qrrin
1256 4022 1286 4084 in
1310 4023 1400 4085 variis

149 4124 305 4203 scripturis
327 4124 366 4189 dc
388 4127 446 4189 hac
467 4140 501 4190 rc
523 4126 552 4189 in
575 4135 679 4208 aperto
702 4135 769 4191 sunt
791 4130 898 4211 omnia,
920 4136 952 4192 nt
973 4128 1102 4191 lectores
1118 4125 1176 4205 ipsi
1193 4123 1282 4188 facile
1297 4123 1400 4189 uidere

150 4243 187 4290 ao
201 4225 331 4290 iudicare
347 4229 474 4308 possint.
508 4228 583 4293 lllud
604 4237 728 4312 apparot
751 4228 798 4292 rel
821 4230 882 4292 leri
905 4229 1057 4313 adspectu,
1081 4246 1118 4292 ce
1141 4227 1354 4308 diphthongum
1371 4229 1400 4291 in

151 4328 208 4390 hac
230 4324 405 4398 membrano
427 4348 573 4414 nusquam
596 4335 729 4417 inveniri,
756 4332 808 4398 sod
831 4331 941 4416 abique
963 4335 1105 4412 scriptum
1128 4347 1197 4396 esso
1219 4332 1348 4413 simplex
1370 4349 1396 4410 c,

151 4429 217 4492 sine
247 4431 298 4495 illa
326 4432 444 4513 virgula
473 4435 628 4500 multarum
655 4439 815 4502 recentium
838 4434 1085 4518 membranamm,
1114 4434 1253 4500 similiter
1280 4449 1334 4515 pro
1364 4450 1401 4498 cc

153 4528 335 4616 diphthongo
358 4533 454 4601 ubivis
476 4553 547 4603 εεεε
569 4557 593 4620 ε,
615 4556 671 4621 pro
694 4543 716 4603 ιι
738 4542 768 4603 in
790 4539 888 4604 medio
912 4536 1005 4602 rerbo
1019 4545 1191 4602 constanter
1205 4553 1301 4618 prope
1317 4543 1346 4600 ct
1361 4536 1400 4602 ab
