3340 5224
644 279 856 356 ...27-

203 467 335 550 Godcm
359 470 597 545 petavianus
623 469 654 544 1.

127 596 191 659 680
211 595 338 679 gelidas
360 596 458 657 herba
480 596 521 657 sit
543 605 616 658 usta

128 697 191 760 083
211 715 330 780 graues
353 697 456 757 cultus

129 895 191 956 687
212 895 311 976 robig.

123 995 191 1083 ,688
212 997 331 1075 palleat
353 1004 434 1057 usta.
457 1003 535 1056 teste
558 993 697 1058 Gronov.

129 1087 192 1156 707
212 1095 264 1155 illa
286 1092 356 1156 dies

130 1192 192 1255 713
214 1191 341 1274 desunt,
364 1198 559 1273 conscript.

129 1293 191 1356 718
212 1293 345 1356 timebat

129 1391 191 1452 722
213 1400 247 1454 at
268 1394 321 1473 pia

130 1690 203 1772 ΙΙ,2
225 1699 259 1751 ut
281 1689 332 1752 hic

169 1791 191 1852 8
213 1800 245 1852 et
267 1792 338 1872 quis

153 1889 193 1951 15
215 1898 248 1951 et
269 1899 323 1952 tua

153 1989 192 2051 17
212 2010 285 2052 mea
308 1991 460 2073 carmina,
483 2012 510 2056 v.
531 2013 593 2057 scr.

152 2090 194 2151 22
216 2109 310 2171 quae,
332 2111 352 2150 α
373 2090 404 2152 1.
425 2112 464 2156 m.

150 2190 192 2251 21
214 2189 336 2253 turbida

151 2290 193 2352 27
214 2292 315 2373 ipsam
328 2327 363 2336 -
378 2291 569 2372 flamineam,
588 2293 649 2352 aab
662 2313 727 2357 ras.

149 2391 192 2454 33
214 2392 337 2472 pacatis

150 2491 192 2554 35
213 2491 401 2574 purgamina

150 2591 192 2654 39
214 2601 324 2654 auctor
345 2590 429 2652 idem

31 2766 36 2778 Ι
151 2689 194 2751 43
216 2699 373 2768 napactoo

151 2786 190 2848 51
215 2787 336 2848 mensis
348 2789 430 2848 enim
443 2788 505 2849 iani
515 2791 631 2870 primus
640 2795 725 2875 quia,

215 2892 294 2947 teste
316 2885 414 2949 Gran.

151 2984 194 3048 63
214 2995 359 3065 repertor

150 3090 193 3151 79
216 3089 374 3151 caelatum
397 3087 508 3150 stellas

150 3191 189 3253 81
214 3209 272 3251 seu
295 3187 378 3268 fugit

152 3291 194 3352 92
215 3289 408 3368 obstipuisse

152 3390 194 3453 93
215 3390 299 3470 impl.
322 3386 425 3448 undas

151 3490 193 3552 95
213 3508 331 3571 pupem
353 3487 545 3550 conscendis

133 3591 190 3654 101
214 3607 329 3670 pupem

133 3691 193 3755 197
215 3689 408 3769 bistinctam,
430 3689 522 3751 2111.
544 3685 725 3748 distinctam

213 3792 244 3855 1.
265 3811 304 3855 m.

135 3892 194 3954 110
215 3890 408 3954 transiectus
429 3889 526 3969 pinna

134 3990 192 4051 115
213 3992 263 4052 iile
275 3990 395 4052 sedens
407 3988 623 4069 citharamque
640 3999 727 4052 tenet

213 4087 725 4172 pretiumqueuehendi‚o2.m.-

213 4188 366 4250 citharam
374 4177 521 4270 quatiens
530 4193 727 4275 pretiumque

130 4288 190 4350 117
212 4287 361 4371 delphina
383 4288 508 4352 uidebis

131 4388 192 4452 120
211 4399 328 4471 pectus
350 4391 480 4472 habere,
503 4411 524 4450 o
544 4393 577 4455 2.
597 4413 639 4456 m.

134 4488 190 4548 121
215 4492 336 4551 alterno
357 4500 489 4572 pectore

134 4587 195 4649 122
215 4590 267 4653 hic
288 4579 397 4655 honor.
420 4591 523 4654 honus
544 4610 564 4650 a
589 4589 616 4654 t.
637 4611 677 4656 m.

866 465 998 546 Codes
1028 467 1283 546 Trevercnaie.

775 594 903 677 gelidas
924 603 997 656 usta
1019 596 1061 656 sit
1082 594 1180 656 herba

775 713 895 776 graues
918 697 1022 758 cultus
1044 713 1071 756 e.
1095 697 1189 758 culta.
1211 715 1310 771 mary.
1331 697 1371 756 ab

858 798 966 856 eadem
985 815 1024 860 m.
1046 797 1077 857 ut
1099 798 1204 864 cultis.

776 896 875 978 rubig.

774 997 893 1078 palleat
916 997 978 1058 utta

774 1098 828 1158 illa
848 1095 918 1162 dias

776 1195 882 1259 desint

775 1299 906 1361 timebat
963 1359 968 1380 ,

775 1398 817 1461 ad
840 1399 890 1480 pia

777 1693 811 1745 ut
831 1683 891 1746 hic.
913 1703 1013 1760 mora.
1033 1705 1105 1749 cum
1123 1689 1234 1765 yloeso
1255 1691 1288 1756 it.

777 1792 809 1844 et
830 1785 901 1864 quis

776 1894 810 1947 at
832 1894 886 1947 tua

776 2006 848 2048 mea
870 2006 1012 2068 munera,
1035 1993 1055 2052 i.
1077 2010 1103 2052 e.
1124 1994 1269 2062 earmina
1351 2020 1352 2030 ¹

777 2089 845 2170 quis
867 2088 967 2148 ueteri
989 2089 1019 2149 in
1042 2088 1151 2170 lingua

776 2188 900 2251 turbida

776 2290 847 2372 ipse
872 2324 906 2332 -
931 2288 1109 2350 flamineam

776 2390 912 2472 placatis

776 2490 963 2572 purgamine

777 2589 963 2670 antoridem‚
981 2608 1052 2649 cum
1061 2591 1190 2666 plocen:
1210 2597 1372 2674 patroclus

777 2691 967 2771 naupactoio

777 2791 897 2870 primus
919 2787 1001 2849 enim
1022 2788 1085 2849 iani
1107 2791 1227 2854 mensis
1248 2794 1322 2874 quia

778 2997 920 3071 repertor

780 3093 916 3155 celatum
938 3089 1041 3152 stellis

779 3209 838 3253 seu
859 3191 918 3253 fuit

778 3291 984 3373 obstupuisse

778 3395 863 3474 impl·
886 3392 988 3454 undas

778 3512 915 3573 puppem
938 3490 1126 3554 conscendit

778 3592 883 3673 pupim

777 3692 826 3753 bis
848 3691 979 3752 tinctam

778 3891 971 3954 transiectus
991 3909 1097 3971 peona

776 3992 829 4054 ille
851 3990 945 4053 sedet
967 3989 1182 4074 chiteramque
1195 4000 1284 4062 tenet
1299 4011 1375 4073 pre-

777 4091 916 4171 tiumque
929 4090 1064 4173 ferendi,
1083 4112 1181 4169 marry.
1196 4093 1226 4155 ul
1238 4091 1374 4154 uehendi

778 4291 927 4375 delphina
948 4292 1071 4372 recepit

778 4400 893 4473 pectus
915 4393 1024 4454 inesse

778 4491 898 4552 alterno
920 4500 1051 4571 pectore

777 4590 877 4653 honor
892 4627 926 4638 -·
944 4591 993 4653 his
1005 4590 1110 4656 factis.
1122 4609 1220 4668 mcrq.
1237 4591 1267 4653 ut
1280 4591 1374 4654 fastis
