3340 5224
387 782 485 863 Atque
518 780 575 844 liae
607 783 675 844 sunt
707 781 807 844 ranae
840 779 1007 862 soriptnnae
1040 778 1152 844 nodiois
1181 779 1381 844 Tuerorensis.
1433 777 1526 855 Quum

288 888 386 948 autem
406 885 447 948 'in
475 882 569 947 altero
599 881 768 964 scriptionis
795 882 882 945 lautus
908 883 1004 963 eapite
1027 897 1220 963 quaeramus,
1251 895 1339 961 quam
1362 879 1459 944 bonus
1481 881 1527 945 liin
1651 887 1652 890 ’

288 985 364 1050 libor
386 989 424 1050 sit
446 993 477 1050 et
497 992 561 1051 uter
584 987 782 1066 praestantior
804 987 849 1065 sit,
873 985 920 1049 trio
942 985 1135 1048 'treverensis
1158 999 1196 1046 an
1220 983 1396 1048 Petaviunus
1420 984 1451 1066 l.,
1478 987 1527 1066 nui

287 1105 306 1152 a
329 1089 473 1155 llerlrolio
495 1077 752 1153 emendatissimus
775 1090 902 1152 omnium
924 1088 1097 1152 etronillae
1113 1103 1170 1152 non
1186 1087 1427 1169 interpolatorum
1443 1088 1528 1168 prin-

287 1207 360 1274 eeps
382 1198 412 1254 et
434 1197 522 1272 eaput
544 1189 691 1254 iudioatus
712 1195 766 1272 est,
790 1191 927 1254 nolumus
947 1191 1055 1254 imitari
1077 1188 1317 1254 eonsuetudinem
1340 1206 1452 1274 eorum,
1479 1193 1528 1274 qui

288 1297 316 1356 in
345 1294 513 1358 huiusmodi
544 1291 766 1375 quaestionibus
799 1296 902 1375 paneis
924 1292 1048 1375 prolatis
1071 1292 1173 1358 variae
1196 1293 1362 1373 scripturae
1384 1295 1528 1376 exemplis

287 1397 449 1478 praeotpne
470 1395 557 1460 bonis
579 1404 629 1460 aut
649 1397 802 1478 insigniter
818 1397 965 1477 oorrnptis
981 1395 1126 1478 probasse
1142 1393 1198 1459 sibl
1213 1394 1421 1480 persuadeant,
1443 1403 1529 1478 prout

287 1499 344 1580 ipsi
365 1501 501 1581 sentiunt,
529 1496 638 1563 bonum
662 1513 731 1562 esse
754 1498 885 1563 oodioem
916 1504 967 1562 unt
989 1497 1143 1562 deterioris
1165 1505 1252 1561 notae
1274 1505 1304 1561 et
1325 1507 1528 1581 eorruptorum

289 1607 319 1664 et
338 1601 580 1683 interpolatorum
602 1597 731 1686 familiis,
753 1617 830 1684 quas
852 1599 1023 1684 parimodo
1047 1603 1103 1683 ipsi
1126 1607 1297 1683 statuerunt,
1319 1616 1389 1664 esse
1411 1601 1529 1664 adseri-

289 1700 433 1785 bendum,
465 1721 543 1787 quae
565 1708 640 1770 ratio
663 1704 771 1769 nullius
793 1704 922 1768 utilitatis
946 1711 998 1769 est.
1041 1703 1147 1767 Nullus
1173 1705 1251 1766 enirn
1280 1703 1343 1766 tere
1365 1705 1435 1768 tanti
1458 1719 1530 1766 oar-

289 1807 375 1870 mlnis
404 1814 449 1871 est
478 1807 589 1893 codex,
618 1824 635 1871 e
671 1824 731 1892 quo
757 1825 815 1872 non
845 1824 957 1889 pauens
985 1807 1081 1871 bonas
1110 1813 1160 1872 aut
1188 1806 1284 1870 malas
1312 1812 1342 1869 et
1371 1806 1530 1888 singularis

290 1908 442 1974 nniusdarn
467 1909 686 1992 depravationis
708 1911 851 1975 tentiones
873 1913 1004 1974 exaitare
1027 1925 1131 1992 queas.
1176 1906 1276 1984 Quare
1298 1925 1356 1989 spo
1384 1907 1441 1972 loo
1462 1909 1530 1972 loon

289 2010 367 2074 viam
390 2028 448 2075 non
471 2013 766 2094 compendiosiorem,
790 2011 844 2076 sed
863 2017 894 2077 ut
909 2013 981 2076 mihi
997 2012 1114 2095 quidem
1129 2013 1254 2093 ridetur,
1272 2012 1421 2092 aliquanto
1437 2013 1530 2075 tutio-

290 2128 352 2177 rem
377 2113 485 2197 delegi,
515 2131 551 2180 ao
576 2116 700 2198 primurn
724 2131 826 2181 omnes
849 2118 999 2181 Petariani
1023 2117 1042 2177 l.
1069 2117 1166 2178 varias
1189 2117 1351 2195 seripturas
1373 2121 1530 2195 ennerptas

221 2207 228 2224 ‘
291 2215 394 2281 ordine
414 2217 579 2301 adseripsi,
601 2226 630 2283 et
652 2217 761 2301 ubique
791 2221 965 2302 scripturum
988 2218 1183 2285 treverensis
1206 2220 1286 2282 iuxta
1312 2222 1342 2280 et
1363 2215 1530 2280 enaduenso

250 2321 251 2324 ’
290 2321 393 2402 posui:
416 2327 448 2384 ut
469 2323 621 2403 utriusque
643 2321 753 2387 eodiols
776 2322 904 2388 eonditlo
926 2330 963 2405 et,
989 2331 1053 2386 uter
1077 2324 1174 2404 potior
1195 2328 1225 2385 et
1246 2318 1431 2387 emendatior
1450 2325 1529 2384 osset

291 2425 321 2484 et
342 2419 391 2486 rbi
413 2438 472 2484 uno
494 2429 658 2503 eonspeotu
679 2424 852 2506 perlustrari
873 2432 903 2489 et
924 2427 1054 2508 perspiei
1075 2429 1188 2507 posset.

366 2603 497 2684 Culleo
520 2606 760 2684 Patauitanus
784 2607 818 2684 I.
1027 2608 1159 2690 Codex
1187 2607 1440 2686 Traoeransr‘s.

291 2756 354 2839 l‚3
374 2759 461 2820 uultu
878 2787 880 2792 ’
937 2765 1024 2827 uultu

332 2857 544 2921 deuersatus
750 2865 753 2879 ‘
936 2865 1138 2946 dedignatus.
1167 2881 1265 2937 morp.
1286 2861 1326 2920 od
1349 2854 1416 2920 alia
1436 2877 1474 2918 m.
1499 2853 1532 2915 ul

998 2965 1189 3027 aduersatus

332 3055 355 3118 6
375 3057 448 3121 huie
467 3062 502 3120 in
524 3077 641 3120 rasura
936 3047 1009 3128 hmo

315 3156 355 3218 ta
376 3160 462 3221 uultu
849 3229 852 3234 ,
936 3167 1022 3229 uultu

313 3258 355 3320 ‘25
376 3261 501 3324 soilioet
522 3268 555 3325 et
576 3263 628 3324 las
936 3268 1042 3330 silicet
1064 3275 1098 3326 ut
1119 3262 1171 3325 las

312 3359 355 3423 26
374 3362 510 3443 aspicito
532 3370 566 3424 et
587 3361 664 3424 felix
937 3365 1080 3448 auspicio
1103 3363 1181 3426 felix

312 3458 356 3520 46
376 3459 473 3522 officii
937 3467 1077 3530 officinm

314 3557 355 3618 ts
377 3577 470 3640 quem
493 3560 559 3622 iure
938 3583 1031 3650 quem
1054 3565 1129 3648 lege

312 3655 355 3718 60
376 3659 435 3719 sub
458 3677 574 3721 auerso
937 3666 996 3729 sub
1019 3663 1155 3738 aduerso

313 3758 355 3820 64
376 3779 447 3820 meo
469 3761 601 3839 primum
939 3786 1009 3830 meo
1033 3764 1150 3846 primus

313 3857 488 3919 760111888
939 3867 1071 3930 lalosoa.
1093 3884 1191 3940 murp.
1214 3863 1323 3924 silisca

313 3956 356 4020 83
376 3957 520 4018 ferienda
542 3961 647 4021 seeurl
940 3964 1082 4028 lenienda
1105 3963 1229 4025 luneuoi

313 4057 356 4119 85
376 4077 436 4120 sua
457 4067 557 4120 toturn
579 4078 651 4121 oum
673 4071 801 4144 spectet
939 4085 998 4128 sua
1022 4075 1121 4126 totum
1143 4081 1215 4124 eum
1237 4055 1365 4142 s'peetat

313 4156 356 4218 87
377 4158 467 4220 salue
490 4160 574 4221 laeta
597 4157 667 4221 dies
940 4166 1030 4227 salue
1054 4164 1139 4225 festa
1162 4161 1232 4222 dies

313 4255 356 4317 89
378 4276 454 4319 esse
477 4257 559 4320 diem
580 4279 620 4325 m.
641 4260 671 4324 1.
770 4325 776 4336 ,
941 4284 1015 4327 esso
1039 4261 1134 4326 deum

314 4355 357 4417 95
378 4365 454 4420 tuno
941 4373 1016 4427 tuno

297 4454 359 4518 too
378 4476 483 4538 aquae
503 4459 564 4519 rud
585 4478 649 4520 rur.
671 4459 733 4522 ad.
746 4481 784 4521 m.
808 4477 892 4541 aqua
941 4481 1023 4545 aqna
1046 4471 1078 4524 et
1099 4463 1194 4524 tellus

378 4558 473 4623 tellus
494 4579 515 4620 a
534 4579 573 4620 na
594 4562 627 4626 2.
